%% EJEMPLO DE BIBLIOGRAFÍA

@book{Sayfan2018,
author = {Sayfan, Gigi},
title = {Compiladores: Principios, técnicas y herramientas},
year = {2008},
publisher = {Pearson Addison-Wesley}
}


@book{Díaz2011,
	author = {Díaz Martínez, José Manuel},
	title = {Fundamentos básicos de los sistemas operativos},
	year = {2011},
	publisher = {Sanz y Torres S.L.}
	}

@book{Sayfan2018,
	author = {Sayfan, Gigi},
	title = {Mastering Kubernetes},
	year = {2018},
	publisher = {Packt Publishing}
}

@webpage{Ansible2023,
	author = "Ansible project Contributors",
	title = "Installing Ansible",
	url =https://docs.ansible.com/,
	month = "03",
	year = "2023"
}

@webpage{Kubernetes2017,
	author = "The Kubernetes Authors",
	title = "Installing Kubernetes",
	url =https://pwittrock.github.io/docs/home/,
	year = "2017"
}

@webpage{Docker2023,
	author = "Docker Inc.",
	title = "Install Docker Engine",
	url =https://pwittrock.github.io/docs/home/,
	year = "2017"
}

